@TechReport{MathML3,
  author =       {David Carlisle and Patrick Ion and Robert Miner},
  title =        {{M}athematical {M}arkup {L}anguage  ({MathML}) Version 3.0},
  institution =  {World Wide Web Consortium},
  year =         2010,
  type =         {W3C Recommendation},
  note =         {Available at \url{http://www.w3.org/TR/MathML3}}
}

@inproceedings{cervone2016towards,
  title={Towards universal rendering in MathJax},
  author={Cervone, Davide and Krautzberger, Peter and Sorge, Volker},
  booktitle={Proceedings of the 13th Web for All Conference},
  pages={4},
  year={2016},
  organization={ACM}
}

@TechReport{HTML5,
  author =       {Robin Berjon and Steve Faulkner and Travis Leithead and Erika
                  Doyle Navara and Edward O'Connor and Silvia Pfeiffer and Ian
                  Hickson},
  title =        {{H}ypertext {M}arkup {L}anguage (HTML) Version 5.0},
  institution =  {World Wide Web Consortium},
  year =         2013,
  type =         {W3C Candidate Recommendation},
  note =         {Available at \url{http://www.w3.org/TR/html5}}
}


@TechReport{epub3,
  author =       {Garth Conboy and Matt Garrish and Markus Gylling and William McCoy and Murata Makoto and Daniel Weck},
  title =        {{EPUB 3}},
  institution =  {International Digital Publishing Forum},
  year =         2011,
  type =         {Recommended Specification},
  note =         {Available at \url{http://idpf.org/epub/30}}
}

@Misc{MathJax2.5,
  author = 	 {MathJax Consortium},
  title = 	 {{MathJax} Version 2.5},
  year = 	 2014,
  note = 	 {\url{http://www.mathjax.org}}
}

@incollection{Kacorri14,
year={2014},
isbn={978-3-319-07439-9},
booktitle={Universal Access in Human-Computer Interaction. Universal Access to Information and Knowledge},
volume={8514},
series={Lecture Notes in Computer Science},
editor={Stephanidis, Constantine and Antona, Margherita},
doi={10.1007/978-3-319-07440-5_11},
title={EAR-Math: Evaluation of Audio Rendered Mathematics},
url={http://dx.doi.org/10.1007/978-3-319-07440-5_11},
publisher={Springer International Publishing},
keywords={mathematics; audio rendering; visually impaired; blind; evaluation; user study},
author={Kacorri, Hernisa and Riga, Paraskevi and Kouroupetroglou, Georgios},
pages={111-120},
language={English}
}
@article{Stevens97,
author = { Robert D.   Stevens  and  Alistair D.N.   Edwards  and  Philip A.   Harling },
title = {Access to Mathematics for Visually Disabled Students Through Multimodal Interaction},
journal = {Humanâ€“Computer Interaction},
volume = {12},
number = {1-2},
pages = {47-92},
year = {1997},
doi = {10.1080/07370024.1997.9667240},

URL = {
        http://www.tandfonline.com/doi/abs/10.1080/07370024.1997.9667240
}}
@misc{jones2008strategies,
  title={Strategies for Reading Comprehension: Selective Underlining},
  author={Jones, Raymon},
  year={2008},
  publisher={\url{http://www.readingquest.org/}}
}
@inproceedings{rello2012optimal,
  title={Optimal Colors to Improve Readability for people with Dyslexia},
  author={Rello, L and Baeza-Yates, R},
  booktitle={Text Customization for Readability Symposium Online Symposium},
  year={2012}
  }

@inproceedings{soiffer2005mathplayer,
  title={MathPlayer: web-based math accessibility},
  author={Soiffer, Neil},
  booktitle={Proceedings of the 7th international ACM SIGACCESS conference on Computers and accessibility},
  pages={204--205},
  year={2005},
  organization={ACM}
}

@article{raman1994aster,
  title={AsTeR: Audio system for technical readings},
  author={Raman, TV},
  journal={Information Technology and Disabilities},
  volume={1},
  year={1994}
}

@inproceedings{Bates:2010:SMU:1880751.1880821,
 author = {Bates, Enda and Fitzpatrick, D\'{o}nal},
 title = {Spoken Mathematics Using Prosody, Earcons and Spearcons},
 booktitle = {Proceedings of the 12th International Conference on Computers Helping People with Special Needs},
 series = {ICCHP'10},
 year = {2010},
 isbn = {3-642-14099-8, 978-3-642-14099-0},
 location = {Vienna, Austria},
 pages = {407--414},
 numpages = {8},
 url = {http://dl.acm.org/citation.cfm?id=1880751.1880821},
 acmid = {1880821},
 publisher = {Springer-Verlag},
 address = {Berlin, Heidelberg},
 keywords = {auditory interfaces, earcons, math, spearcons, visual impairment},
}


@inproceedings{conf/icchp/GillanBKP04,
  added-at = {2011-07-07T00:00:00.000+0200},
  author = {Gillan, Douglas J. and Barraza, Paula and Karshmer, Arthur I. and Pazuchanics, Skye},
  biburl = {http://www.bibsonomy.org/bibtex/21bc553b0b05574ccf6d85f68fafa80d6/dblp},
  booktitle = {ICCHP},
  crossref = {conf/icchp/2004},
  editor = {Klaus, Joachim and Miesenberger, Klaus and Zagler, Wolfgang L. and Burger, Dominique},
  ee = {http://dx.doi.org/10.1007/978-3-540-27817-7_94},
  interhash = {7d5a2dbb3cce1fe0bb37235117004a2b},
  intrahash = {1bc553b0b05574ccf6d85f68fafa80d6},
  isbn = {3-540-22334-7},
  keywords = {dblp},
  pages = {630-637},
  publisher = {Springer},
  series = {Lecture Notes in Computer Science},
  timestamp = {2011-07-07T00:00:00.000+0200},
  title = {Cognitive Analysis of Equation Reading: Application to the Development of the Math Genie.},
  url = {http://dblp.uni-trier.de/db/conf/icchp/icchp2004.html#GillanBKP04},
  volume = 3118,
  year = 2004
}

@inproceedings{DBLP:conf/hci/DoushP09,
  author    = {Iyad Abu Doush and
               Enrico Pontelli},
  title     = {Building a Programmable Architecture for Non-visual Navigation
               of Mathematics: Using Rules for Guiding Presentation and
               Switching between Modalities},
  booktitle = {HCI (7)},
  year      = {2009},
  pages     = {3-13},
  ee        = {http://dx.doi.org/10.1007/978-3-642-02713-0_1},
  crossref  = {DBLP:conf/hci/2009-7},
  bibsource = {DBLP, http://dblp.uni-trier.de}
}
@proceedings{DBLP:conf/hci/2009-7,
  editor    = {Constantine Stephanidis},
  title     = {Universal Access in Human-Computer Interaction. Applications
               and Services, 5th International Conference, UAHCI 2009,
               Held as Part of HCI International 2009, San Diego, CA, USA,
               July 19-24, 2009. Proceedings, Part III},
  booktitle = {HCI (7)},
  publisher = {Springer},
  series    = {Lecture Notes in Computer Science},
  volume    = {5616},
  year      = {2009},
  isbn      = {978-3-642-02712-3},
  ee        = {http://dx.doi.org/10.1007/978-3-642-02713-0},
  bibsource = {DBLP, http://dblp.uni-trier.de}
}

@inproceedings{karshmer2007mathematics,
  title={Mathematics and accessibility: a survey},
  author={Karshmer, Arthur and Gupta, Gopal and Pontelli, Enrico},
  booktitle={Proc. 9th International Conference on Computers Helping People with Special Needs},
  volume={3118},
  pages={664--669},
  year={2007}
}


@Misc{voiceover,
  title =     {Apple VoiceOver},
  howpublished = {\url{https://www.apple.com/accessibility/osx/voiceover/}}}


@InProceedings{Sorge14,
  author =       {Volker Sorge and Charles Chen and T.V. Raman and David Tseng},
  title =        {Towards Making Mathematics a First Class Citizen in General Screen Readers},
  booktitle = {11th Web for All Conference},
  year =         2014,
  month =        {6--9 April},
  address =      {Seoul, Korea},
  publisher = {ACM}}


@misc{MathSpeak,
  title={MathSpeak},
  author={Nemeth, Abraham},
  year={2005},
  howpublished = {http://www.gh-mathspeak.com/}
}

@Misc{web1,
  key =       {web1},
  howpublished = {\url{http://www.smashingmagazine.com/2013/07/08/choosing-a-responsive-image-solution/}}
  }

@Misc{smashSvg,
  key =       {smashSvg},
  howpublished = 
{\url{http://www.smashingmagazine.com/2014/03/05/rethinking-responsive-svg/}}
  }

@Misc{zurbTable,
  key =       {zurbTable},
  howpublished = {\url{http://zurb.com/playground/projects/responsive-tables/index.html}}
  }


@incollection{mooresemantic,
	Author = {Moore, Ross},
	Booktitle = {Intelligent Computer Mathematics},
	Doi = {10.1007/978-3-319-20615-8_24},
	Editor = {Kerber, Manfred and Carette, Jacques and Kaliszyk, Cezary and Rabe, Florian and Sorge, Volker},
	Isbn = {978-3-319-20614-1},
	Language = {English},
	Pages = {338-342},
	Publisher = {Springer International Publishing},
	Series = {Lecture Notes in Computer Science},
	Title = {Semantic Enrichment of Mathematics via `tooltips'},
	Url = {http://dx.doi.org/10.1007/978-3-319-20615-8_24},
	Volume = {9150},
	Year = {2015},
	Bdsk-Url-1 = {http://dx.doi.org/10.1007/978-3-319-20615-8_24}}

@article{miller2010latexml,
	Author = {Miller, Bruce},
	Date-Added = {2014-02-24 12:52:00 +0000},
	Date-Modified = {2014-02-24 12:52:00 +0000},
	Journal = {Web Manual at http://dlmf.nist.gov/LaTeXML/, Accessed September2007},
	Title = {LaTeXML: A Latex to XML converter},
	Year = {2010}}

@misc{Maple,
	Author = {Maplesoft},
	Note = {\url{http://www.maplesoft.com/support/help/Maple/view.aspx?path=MathML}},
	Title = {Maplesoft Documentation Center},
	Year = {2012}}


@misc{Mathematica,
	Author = {{Wolfram Language}},
	Note = {\url{reference.wolfram.com/mathematica/XML/tutorial/MathML.html}},
Title = {Working with {MathML}},
	Year = 2012}


@TechReport{SnuggleTeX,
  author =       {McKain, D},
  title =        {SnuggleTeX v1.2.2},
  institution =  {School of Physics and Astronomy at The University of Edinburgh},
  year =         2010,
  note =      {\url{http://www2.ph.ed.ac.uk/snuggletex/documentation/overview-and-features.html}}}

@inproceedings{sorge2015end,
  title={End-to-end solution for accessible chemical diagrams},
  author={Sorge, Volker and Lee, Mark and Wilkinson, Sandy},
  booktitle={Proceedings of the 12th Web for All Conference},
  pages={6},
  year={2015},
  organization={ACM}
}
